@inproceedings{mooc,
	author = {Coursera MOOC on Software Engineering for SaaS.},
	title = {https://www.coursera.org/course/saas}
}
@inproceedings{coursera,
	author = {Coursera.},
	title = {https://www.coursera.org/}
}
@inproceedings{edx,
	author = {EdX.},
	title = {https://www.edx.org/}
}
@inproceedings{Udacity,
	author = {Udacity.},
	title = {http://www.udacity.com/}
}
@inproceedings{Pex4Fun,
	author = {Pex4Fun.},
	title = {https://pexforfun.com/}
}
@inproceedings{wikipedia,
	author = {Wikipedia.},
	title = {https://en.wikipedia.org}
}
@inproceedings{CodeHunt,
	author = {Code Hunt.},
	title = {https://www.microsoft.com/en-us/research/project/code-hunt/}
}
@inproceedings{xie2009fitness,
	title={Fitness-guided path exploration in dynamic symbolic execution},
	author={Xie, Tao and Tillmann, Nikolai and de Halleux, Jonathan and Schulte, Wolfram},
	booktitle={Dependable Systems \& Networks, 2009. DSN'09. IEEE/IFIP International Conference on},
	pages={359--368},
	year={2009},
	organization={IEEE}
}
@article{zhu1997software,
	title={Software unit test coverage and adequacy},
	author={Zhu, Hong and Hall, Patrick AV and May, John HR},
	journal={Acm computing surveys (csur)},
	volume={29},
	number={4},
	pages={366--427},
	year={1997},
	publisher={ACM}
}
@book{galin2004software,
	title={Software quality assurance: from theory to implementation},
	author={Galin, Daniel},
	year={2004},
	publisher={Pearson Education India}
}
@article{gill1991cyclomatic,
	title={Cyclomatic complexity density and software maintenance productivity},
	author={Gill, Geoffrey K. and Kemerer, Chris F.},
	journal={IEEE transactions on software engineering},
	volume={17},
	number={12},
	pages={1284--1288},
	year={1991},
	publisher={IEEE}
}
@book{pressman2005software,
	title={Software engineering: a practitioner's approach},
	author={Pressman, Roger S},
	year={2005},
	publisher={Palgrave Macmillan}
}
@inproceedings{wang2007semantic,
	title={Semantic similarity-based grading of student programs},
	author={Wang, Tiantian and Su, Xiaohong and Wang, Yuying and Ma, Peijun},
	journal={Information and Software Technology},
	volume={49},
	number={2},
	pages={99--107},
	year={2007},
	publisher={Elsevier}
}
@inproceedings{jackson1997grading,
	title={Grading student programs using ASSYST},
	author={Jackson, David and Usher, Michelle},
	booktitle={ACM SIGCSE Bulletin},
	volume={29},
	number={1},
	pages={335--339},
	year={1997},
	organization={ACM}
}
@article{kamiya2002ccfinder,
	title={CCFinder: a multilinguistic token-based code clone detection system for large scale source code},
	author={Kamiya, Toshihiro and Kusumoto, Shinji and Inoue, Katsuro},
	journal={IEEE Transactions on Software Engineering},
	volume={28},
	number={7},
	pages={654--670},
	year={2002},
	publisher={IEEE}
}
@inproceedings{baxter1998clone,
	title={Clone detection using abstract syntax trees},
	author={Baxter, Ira D and Yahin, Andrew and Moura, Leonardo and Sant'Anna, Marcelo and Bier, Lorraine},
	booktitle={Software Maintenance, 1998. Proceedings., International Conference on},
	pages={368--377},
	year={1998},
	organization={IEEE}
}
@inproceedings{komondoor2001using,
	title={Using slicing to identify duplication in source code},
	author={Komondoor, Raghavan and Horwitz, Susan},
	booktitle={International Static Analysis Symposium},
	pages={40--56},
	year={2001},
	organization={Springer}
}
@inproceedings{dang2012xiao,
	title={XIAO: Tuning code clones at hands of engineers in practice},
	author={Dang, Yingnong and Zhang, Dongmei and Ge, Song and Chu, Chengyun and Qiu, Yingjun and Xie, Tao},
	booktitle={Proceedings of the 28th Annual Computer Security Applications Conference},
	pages={369--378},
	year={2012},
	organization={ACM}
}
@inproceedings{merlo2004linear,
	title={Linear complexity object-oriented similarity for clone detection and software evolution analyses},
	author={Merlo, Ettore and Antoniol, Giuliano and Di Penta, Massimiliano and Rollo, Vincenzo Fabio},
	booktitle={Software Maintenance, 2004. Proceedings. 20th IEEE International Conference on},
	pages={412--416},
	year={2004},
	organization={IEEE}
}

@inproceedings{li2016measuring,
  title =	 {Measuring code behavioral similarity for programming
                  and software engineering education},
  author =	 {Li, Sihan and Xiao, Xusheng and Bassett, Blake and
                  Xie, Tao and Tillmann, Nikolai},
  booktitle =	 {Proceedings of the 38th International Conference on
                  Software Engineering Companion},
  pages =	 {501--510},
  year =	 2016,
  organization = {ACM}
}
@inproceedings{su2016code,
  title =	 {Code relatives: Detecting similarly behaving
                  software},
  author =	 {Su, Fang-Hsiang and Bell, Jonathan and Harvey,
                  Kenneth and Sethumadhavan, Simha and Kaiser, Gail
                  and Jebara, Tony},
  booktitle =	 {Proceedings of the 2016 24th ACM SIGSOFT
                  International Symposium on Foundations of Software
                  Engineering},
  pages =	 {702--714},
  year =	 2016,
  organization = {ACM}
}
@inproceedings{su2016identifying,
  title =	 {Identifying functionally similar code in complex
                  codebases},
  author =	 {Su, Fang-Hsiang and Bell, Jonathan and Kaiser, Gail
                  and Sethumadhavan, Simha},
  booktitle =	 {Program Comprehension (ICPC), 2016 IEEE 24th
                  International Conference on},
  pages =	 {1--10},
  year =	 2016,
  organization = {IEEE}
}
@inproceedings{roberts2003online,
  title =	 {An online programming assessment tool},
  author =	 {Roberts, Graham HB and Verbyla, Janet LM},
  booktitle =	 {Proceedings of the fifth Australasian conference on
                  Computing education-Volume 20},
  pages =	 {69--75},
  year =	 2003,
  organization = {Australian Computer Society, Inc.}
}
@article{pappano2012year,
  title =	 {The Year of the MOOC},
  author =	 {Pappano, Laura},
  journal =	 {The New York Times},
  volume =	 2,
  number =	 12,
  pages =	 2012,
  year =	 2012
}
@inproceedings{walenstein2007similarity,
  title =	 {Similarity in programs},
  author =	 {Walenstein, Andrew and El-Ramly, Mohammad and Cordy,
                  James R and Evans, William S and Mahdavi, Kiarash
                  and Pizka, Markus and Ramalingam, Ganesan and von
                  Gudenberg, J{\"u}rgen Wolff},
  booktitle =	 {Dagstuhl Seminar Proceedings},
  year =	 2007,
  organization = {Schloss Dagstuhl-Leibniz-Zentrum f{\"u}r Informatik}
}
@article{tillmann2008pex,
  title =	 {Pex--white box test generation for. net},
  author =	 {Tillmann, Nikolai and De Halleux, Jonathan},
  journal =	 {Tests and Proofs},
  pages =	 {134--153},
  year =	 2008,
  publisher =	 {Springer}
}
@inproceedings{pacheco2007feedback,
  title =	 {Feedback-directed random test generation},
  author =	 {Pacheco, Carlos and Lahiri, Shuvendu K and Ernst,
                  Michael D and Ball, Thomas},
  booktitle =	 {Proceedings of the 29th international conference on
                  Software Engineering},
  pages =	 {75--84},
  year =	 2007,
  organization = {IEEE Computer Society}
}
@article{king1976symbolic,
  title =	 {Symbolic execution and program testing},
  author =	 {King, James C},
  journal =	 {Communications of the ACM},
  volume =	 19,
  number =	 7,
  pages =	 {385--394},
  year =	 1976,
  publisher =	 {ACM}
}
@inproceedings{khurshid2003generalized,
  title =	 {Generalized symbolic execution for model checking
                  and testing},
  author =	 {Khurshid, Sarfraz and P{\u{a}}s{\u{a}}reanu, Corina
                  S and Visser, Willem},
  booktitle =	 {International Conference on Tools and Algorithms for
                  the Construction and Analysis of Systems},
  pages =	 {553--568},
  year =	 2003,
  organization = {Springer}
}
@inproceedings{puasuareanu2010symbolic,
  title =	 {Symbolic PathFinder: symbolic execution of Java
                  bytecode},
  author =	 {P{\u{a}}s{\u{a}}reanu, Corina S and Rungta, Neha},
  booktitle =	 {Proceedings of the IEEE/ACM international conference
                  on Automated software engineering},
  pages =	 {179--180},
  year =	 2010,
  organization = {ACM}
}
@inproceedings{cadar2011symbolic,
  title =	 {Symbolic execution for software testing in practice:
                  preliminary assessment},
  author =	 {Cadar, Cristian and Godefroid, Patrice and Khurshid,
                  Sarfraz and P{\u{a}}s{\u{a}}reanu, Corina S and Sen,
                  Koushik and Tillmann, Nikolai and Visser, Willem},
  booktitle =	 {Proceedings of the 33rd International Conference on
                  Software Engineering},
  pages =	 {1066--1071},
  year =	 2011,
  organization = {ACM}
}
@article{cadar2013symbolic,
  title =	 {Symbolic execution for software testing: three
                  decades later},
  author =	 {Cadar, Cristian and Sen, Koushik},
  journal =	 {Communications of the ACM},
  volume =	 56,
  number =	 2,
  pages =	 {82--90},
  year =	 2013,
  publisher =	 {ACM}
}
@article{puasuareanu2009survey,
  title =	 {A survey of new trends in symbolic execution for
                  software testing and analysis},
  author =	 {P{\u{a}}s{\u{a}}reanu, Corina S and Visser, Willem},
  journal =	 {International Journal on Software Tools for
                  Technology Transfer (STTT)},
  volume =	 11,
  number =	 4,
  pages =	 {339--353},
  year =	 2009,
  publisher =	 {Springer}
}
@article{darringer1978applications,
  title =	 {Applications of symbolic execution to program
                  testing},
  author =	 {Darringer, John A and King, James C},
  journal =	 {Computer},
  volume =	 11,
  number =	 4,
  pages =	 {51--60},
  year =	 1978,
  publisher =	 {IEEE}
}
@inproceedings{bucur2011parallel,
  title =	 {Parallel symbolic execution for automated real-world
                  software testing},
  author =	 {Bucur, Stefan and Ureche, Vlad and Zamfir, Cristian
                  and Candea, George},
  booktitle =	 {Proceedings of the sixth conference on Computer
                  systems},
  pages =	 {183--198},
  year =	 2011,
  organization = {ACM}
}
@inproceedings{puasuareanu2004verification,
  title =	 {Verification of Java programs using symbolic
                  execution and invariant generation},
  author =	 {P{\u{a}}s{\u{a}}reanu, Corina S and Visser, Willem},
  booktitle =	 {International SPIN Workshop on Model Checking of
                  Software},
  pages =	 {164--181},
  year =	 2004,
  organization = {Springer}
}
@article{meudec2001atgen,
  title =	 {ATGen: automatic test data generation using
                  constraint logic programming and symbolic execution},
  author =	 {Meudec, Christophe},
  journal =	 {Software Testing, Verification and Reliability},
  volume =	 11,
  number =	 2,
  pages =	 {81--96},
  year =	 2001,
  publisher =	 {Wiley Online Library}
}
@inproceedings{godefroid2005dart,
  title =	 {DART: directed automated random testing},
  author =	 {Godefroid, Patrice and Klarlund, Nils and Sen,
                  Koushik},
  booktitle =	 {ACM Sigplan Notices},
  volume =	 40,
  number =	 6,
  pages =	 {213--223},
  year =	 2005,
  organization = {ACM}
}
@inproceedings{sen2005cute,
  title =	 {CUTE: a concolic unit testing engine for C},
  author =	 {Sen, Koushik and Marinov, Darko and Agha, Gul},
  booktitle =	 {ACM SIGSOFT Software Engineering Notes},
  volume =	 30,
  number =	 5,
  pages =	 {263--272},
  year =	 2005,
  organization = {ACM}
}
@article{de2008z3,
  title =	 {Z3: An efficient SMT solver},
  author =	 {De Moura, Leonardo and Bj{\o}rner, Nikolaj},
  journal =	 {Tools and Algorithms for the Construction and
                  Analysis of Systems},
  pages =	 {337--340},
  year =	 2008,
  publisher =	 {Springer}
}
@inproceedings{taneja2008diffgen,
  title =	 {DiffGen: Automated regression unit-test generation},
  author =	 {Taneja, Kunal and Xie, Tao},
  booktitle =	 {Proceedings of the 2008 23rd IEEE/ACM International
                  Conference on Automated Software Engineering},
  pages =	 {407--410},
  year =	 2008,
  organization = {IEEE Computer Society}
}
@inproceedings{tillmann2014transferring,
  title =	 {Transferring an automated test generation tool to
                  practice: From Pex to Fakes and Code Digger},
  author =	 {Tillmann, Nikolai and De Halleux, Jonathan and Xie,
                  Tao},
  booktitle =	 {Proceedings of the 29th ACM/IEEE international
                  conference on Automated software engineering},
  pages =	 {385--396},
  year =	 2014,
  organization = {ACM}
}
@article{chen2010adaptive,
  title =	 {Adaptive random testing: The art of test case
                  diversity},
  author =	 {Chen, Tsong Yueh and Kuo, Fei-Ching and Merkel,
                  Robert G and Tse, TH},
  journal =	 {Journal of Systems and Software},
  volume =	 83,
  number =	 1,
  pages =	 {60--66},
  year =	 2010,
  publisher =	 {Elsevier}
}
@inproceedings{godefroid2005dart,
  title={DART: directed automated random testing},
  author={Godefroid, Patrice and Klarlund, Nils and Sen, Koushik},
  booktitle={ACM Sigplan Notices},
  volume={40},
  number={6},
  pages={213--223},
  year={2005},
  organization={ACM}
}
@article{radatz1990ieee,
	title={IEEE standard glossary of software engineering terminology},
	author={Radatz, Jane and Geraci, Anne and Katki, Freny},
	journal={IEEE Std},
	volume={610121990},
	number={121990},
	pages={3},
	year={1990}
}
@inproceedings{godefroid2008automated,
  title =	 {Automated whitebox fuzz testing.},
  author =	 {Godefroid, Patrice and Levin, Michael Y and Molnar,
                  David A and others},
  booktitle =	 {NDSS},
  volume =	 8,
  pages =	 {151--166},
  year =	 2008
}
@inproceedings{xiao2013characteristic,
  title =	 {Characteristic studies of loop problems for
                  structural test generation via symbolic execution},
  author =	 {Xiao, Xusheng and Li, Sihan and Xie, Tao and
                  Tillmann, Nikolai},
  booktitle =	 {Automated Software Engineering (ASE), 2013 IEEE/ACM
                  28th International Conference on},
  pages =	 {246--256},
  year =	 2013,
  organization = {IEEE}
}
@inproceedings{geldenhuys2012probabilistic,
  title =	 {Probabilistic symbolic execution},
  author =	 {Geldenhuys, Jaco and Dwyer, Matthew B and Visser,
                  Willem},
  booktitle =	 {Proceedings of the 2012 International Symposium on
                  Software Testing and Analysis},
  pages =	 {166--176},
  year =	 2012,
  organization = {ACM}
}
@inproceedings{alur2013automated,
  title =	 {Automated Grading of DFA Constructions.},
  author =	 {Alur, Rajeev and D'Antoni, Loris and Gulwani, Sumit
                  and Kini, Dileep and Viswanathan, Mahesh},
  booktitle =	 {IJCAI},
  volume =	 13,
  pages =	 {1976--1982},
  year =	 2013
}
@article{singh2013automated,
  title =	 {Automated feedback generation for introductory
                  programming assignments},
  author =	 {Singh, Rishabh and Gulwani, Sumit and Solar-Lezama,
                  Armando},
  journal =	 {ACM SIGPLAN Notices},
  volume =	 48,
  number =	 6,
  pages =	 {15--26},
  year =	 2013,
  publisher =	 {ACM}
}
@inproceedings{bates1993incremental,
  title =	 {Incremental program testing using program dependence
                  graphs},
  author =	 {Bates, Samuel and Horwitz, Susan},
  booktitle =	 {Proceedings of the 20th ACM SIGPLAN-SIGACT symposium
                  on Principles of programming languages},
  pages =	 {384--396},
  year =	 1993,
  organization = {ACM}
}
@inproceedings{binkley1992using,
  title =	 {Using semantic differencing to reduce the cost of
                  regression testing},
  author =	 {Binkley, David},
  booktitle =	 {Software Maintenance, 1992. Proceerdings.,
                  Conference on},
  pages =	 {41--50},
  year =	 1992,
  organization = {IEEE}
}
@inproceedings{jackson1994semantic,
  title =	 {Semantic Diff: A Tool for Summarizing the Effects of
                  Modifications.},
  author =	 {Jackson, Daniel and Ladd, David A and others},
  booktitle =	 {ICSM},
  volume =	 94,
  pages =	 {243--252},
  year =	 1994
}
@inproceedings{lahiri2012symdiff,
  title =	 {SYMDIFF: A Language-Agnostic Semantic Diff Tool for
                  Imperative Programs.},
  author =	 {Lahiri, Shuvendu K and Hawblitzel, Chris and
                  Kawaguchi, Ming and Reb{\^e}lo, Henrique},
  booktitle =	 {CAV},
  volume =	 12,
  pages =	 {712--717},
  year =	 2012,
  organization = {Springer}
}
@inproceedings{person2008differential,
  title =	 {Differential symbolic execution},
  author =	 {Person, Suzette and Dwyer, Matthew B and Elbaum,
                  Sebastian and Pǎsǎreanu, Corina S},
  booktitle =	 {Proceedings of the 16th ACM SIGSOFT International
                  Symposium on Foundations of software engineering},
  pages =	 {226--237},
  year =	 2008,
  organization = {ACM}
}
@inproceedings{jiang2009automatic,
  title =	 {Automatic mining of functionally equivalent code
                  fragments via random testing},
  author =	 {Jiang, Lingxiao and Su, Zhendong},
  booktitle =	 {Proceedings of the eighteenth international
                  symposium on Software testing and analysis},
  pages =	 {81--92},
  year =	 2009,
  organization = {ACM}
}
@article{hext1969automatic,
  title =	 {An automatic grading scheme for simple programming
                  exercises},
  author =	 {Hext, Jan B and Winings, JW},
  journal =	 {Communications of the ACM},
  volume =	 12,
  number =	 5,
  pages =	 {272--275},
  year =	 1969,
  publisher =	 {ACM}
}
@article{jones2001grading,
  title =	 {Grading student programs-a software testing
                  approach},
  author =	 {Jones, Edward L},
  journal =	 {Journal of Computing Sciences in Colleges},
  volume =	 16,
  number =	 2,
  pages =	 {185--192},
  year =	 2001,
  publisher =	 {Consortium for Computing Sciences in Colleges}
}
@article{douce2005automatic,
  title =	 {Automatic test-based assessment of programming: A
                  review},
  author =	 {Douce, Christopher and Livingstone, David and
                  Orwell, James},
  journal =	 {Journal on Educational Resources in Computing
                  (JERIC)},
  volume =	 5,
  number =	 3,
  pages =	 4,
  year =	 2005,
  publisher =	 {ACM}
}
@inproceedings{ihantola2010review,
  title =	 {Review of recent systems for automatic assessment of
                  programming assignments},
  author =	 {Ihantola, Petri and Ahoniemi, Tuukka and Karavirta,
                  Ville and Sepp{\"a}l{\"a}, Otto},
  booktitle =	 {Proceedings of the 10th Koli Calling International
                  Conference on Computing Education Research},
  pages =	 {86--93},
  year =	 2010,
  organization = {ACM}
}
@inproceedings{tillmann2013teaching,
  title =	 {Teaching and learning programming and software
                  engineering via interactive gaming},
  author =	 {Tillmann, Nikolai and De Halleux, Jonathan and Xie,
                  Tao and Gulwani, Sumit and Bishop, Judith},
  booktitle =	 {Proceedings of the 2013 International Conference on
                  Software Engineering},
  pages =	 {1117--1126},
  year =	 2013,
  organization = {IEEE Press}
}
@inproceedings{isong2001developing,
  title =	 {Developing an automated program checkers},
  author =	 {Isong, Julia},
  booktitle =	 {Journal of Computing Sciences in Colleges},
  volume =	 16,
  number =	 3,
  pages =	 {218--224},
  year =	 2001,
  organization = {Consortium for Computing Sciences in Colleges}
}
@inproceedings{aaltonen2010mutation,
  title =	 {Mutation analysis vs. code coverage in automated
                  assessment of students' testing skills},
  author =	 {Aaltonen, Kalle and Ihantola, Petri and
                  Sepp{\"a}l{\"a}, Otto},
  booktitle =	 {Proceedings of the ACM international conference
                  companion on Object oriented programming systems
                  languages and applications companion},
  pages =	 {153--160},
  year =	 2010,
  organization = {ACM}
}